<record><leader>00000cas a22000007a 4500</leader><controlfield tag="001">40214321</controlfield><controlfield tag="008">981102d192u1926sduwr ne      0    0eng d</controlfield><datafield ind1=" " ind2=" " tag="010"><subfield code="a">sn 98062929 </subfield></datafield><datafield ind1=" " ind2=" " tag="040"><subfield code="a">SXN</subfield><subfield code="b">eng</subfield><subfield code="c">SXN</subfield><subfield code="d">OCLCQ</subfield><subfield code="d">OCLCF</subfield><subfield code="d">OCLCO</subfield></datafield><datafield ind1="1" ind2=" " tag="029"><subfield code="a">AU@</subfield><subfield code="b">000022778135</subfield></datafield><datafield ind1=" " ind2=" " tag="042"><subfield code="a">msc</subfield></datafield><datafield ind1=" " ind2=" " tag="043"><subfield code="a">n-us-sd</subfield></datafield><datafield ind1="0" ind2=" " tag="130"><subfield code="a">Courier-herald (Huron, S.D.)</subfield></datafield><datafield ind1="1" ind2="4" tag="245"><subfield code="a">The courier-herald.</subfield></datafield><datafield ind1=" " ind2=" " tag="260"><subfield code="a">Huron, S.D. :</subfield><subfield code="b">J.R. Smith Pub. Co.</subfield></datafield><datafield ind1=" " ind2=" " tag="300"><subfield code="a">v.</subfield></datafield><datafield ind1=" " ind2=" " tag="310"><subfield code="a">Weekly</subfield></datafield><datafield ind1="1" ind2=" " tag="362"><subfield code="a">Ceased in 1926.</subfield></datafield><datafield ind1=" " ind2=" " tag="515"><subfield code="a">Issues for July 2, 1925-Oct. 28, 1926 also called v. 6, no. 18-v.3, no. 45 and v. 3, no. 30-v. 2, no. 4.</subfield></datafield><datafield ind1=" " ind2=" " tag="530"><subfield code="a">Available on microfilm from: State Archives, South Dakota State Historical Society.</subfield></datafield><datafield ind1=" " ind2=" " tag="580"><subfield code="a">Formed by the union of: Beadle County courier, and: Beadle County herald, and: South Dakota news.</subfield></datafield><datafield ind1=" " ind2=" " tag="588"><subfield code="a">Description based on: Vol. 23, no. 1 (July 2, 1925).</subfield></datafield><datafield ind1=" " ind2="0" tag="651"><subfield code="a">Huron (S.D.)</subfield><subfield code="v">Newspapers.</subfield></datafield><datafield ind1=" " ind2="0" tag="651"><subfield code="a">Beadle County (S.D.)</subfield><subfield code="v">Newspapers.</subfield></datafield><datafield ind1=" " ind2="7" tag="655"><subfield code="a">Newspapers.</subfield><subfield code="2">fast</subfield><subfield code="0">(OCoLC)fst01423814</subfield></datafield><datafield ind1=" " ind2="7" tag="651"><subfield code="a">South Dakota</subfield><subfield code="z">Beadle County.</subfield><subfield code="2">fast</subfield><subfield code="0">(OCoLC)fst01209185</subfield></datafield><datafield ind1=" " ind2="7" tag="651"><subfield code="a">South Dakota</subfield><subfield code="z">Huron.</subfield><subfield code="2">fast</subfield><subfield code="0">(OCoLC)fst01215488</subfield></datafield><datafield ind1=" " ind2=" " tag="752"><subfield code="a">United States</subfield><subfield code="b">South Dakota</subfield><subfield code="c">Beadle</subfield><subfield code="d">Huron.</subfield></datafield><datafield ind1="1" ind2="4" tag="780"><subfield code="t">Beadle County courier</subfield></datafield><datafield ind1="1" ind2="4" tag="780"><subfield code="t">Beadle County herald</subfield><subfield code="w">(DLC)sn 98062930</subfield></datafield><datafield ind1="1" ind2="4" tag="780"><subfield code="t">South Dakota news</subfield><subfield code="w">(DLC)sn 98062922</subfield></datafield><datafield ind1="0" ind2="0" tag="785"><subfield code="t">Lake County news (Wentworth, S.D.)</subfield><subfield code="w">(DLC)sn2001063194</subfield></datafield></record>